<record><leader>00000cas a22000007a 4500</leader><controlfield tag="001">19739239</controlfield><controlfield tag="008">890519d18961911aruwr ne      0    0eng d</controlfield><datafield ind1=" " ind2=" " tag="010"><subfield code="a">sn 89051215 </subfield></datafield><datafield ind1=" " ind2=" " tag="040"><subfield code="a">ANU</subfield><subfield code="b">eng</subfield><subfield code="c">ANU</subfield><subfield code="d">OCLCQ</subfield></datafield><datafield ind1=" " ind2=" " tag="042"><subfield code="a">msc</subfield></datafield><datafield ind1="0" ind2=" " tag="130"><subfield code="a">News Democrat (Mena, Ark.)</subfield></datafield><datafield ind1="1" ind2="4" tag="245"><subfield code="a">The News Democrat.</subfield></datafield><datafield ind1=" " ind2=" " tag="260"><subfield code="a">Mena, Polk County, Ark. :</subfield><subfield code="b">D.E. Dahlgren</subfield></datafield><datafield ind1=" " ind2=" " tag="300"><subfield code="a">v.</subfield></datafield><datafield ind1=" " ind2=" " tag="310"><subfield code="a">Weekly</subfield></datafield><datafield ind1="1" ind2=" " tag="362"><subfield code="a">Began in 1896.</subfield></datafield><datafield ind1="0" ind2=" " tag="362"><subfield code="a">-v. 16, no. 50 (July 6, 1911).</subfield></datafield><datafield ind1=" " ind2=" " tag="588"><subfield code="a">Description based on: Vol. 16, no. 49 (June 29, 1911).</subfield></datafield><datafield ind1=" " ind2=" " tag="752"><subfield code="a">United States</subfield><subfield code="b">Arkansas</subfield><subfield code="c">Polk</subfield><subfield code="d">Mena.</subfield></datafield><datafield ind1="0" ind2="0" tag="785"><subfield code="t">Polk County Democrat</subfield><subfield code="w">(DLC)sn 85032997</subfield></datafield><datafield ind1="1" ind2=" " tag="029"><subfield code="a">AU@</subfield><subfield code="b">000025897982</subfield></datafield></record>